@misc{Scapin.jl,
	author  = {SÃ©bastien Brisard <sbrisard@users.noreply.github.com> and contributors},
	title   = {Scapin.jl},
	url     = {https://github.com/sbrisard/Scapin.jl},
	version = {v0.1.0},
	year    = {2021},
	month   = {7}
}
